<record><leader>00000cas a22000007a 4500</leader><controlfield tag="001">21966598</controlfield><controlfield tag="008">900706d19731974mnuwr ne      0    0eng d</controlfield><datafield ind1=" " ind2=" " tag="010"><subfield code="a">sn 90060042 </subfield></datafield><datafield ind1=" " ind2=" " tag="040"><subfield code="a">MN#</subfield><subfield code="b">eng</subfield><subfield code="c">MN#</subfield><subfield code="d">OCLCQ</subfield><subfield code="d">OCLCF</subfield><subfield code="d">OCLCO</subfield></datafield><datafield ind1="1" ind2=" " tag="029"><subfield code="a">AU@</subfield><subfield code="b">000025901897</subfield></datafield><datafield ind1=" " ind2=" " tag="042"><subfield code="a">msc</subfield></datafield><datafield ind1=" " ind2=" " tag="043"><subfield code="a">n-us-mn</subfield></datafield><datafield ind1=" " ind2=" " tag="052"><subfield code="a">4144</subfield><subfield code="b">E3</subfield></datafield><datafield ind1=" " ind2=" " tag="052"><subfield code="a">4143</subfield><subfield code="b">H4</subfield></datafield><datafield ind1="0" ind2=" " tag="130"><subfield code="a">Metro sun (Edina, Minn. : 1973)</subfield></datafield><datafield ind1="1" ind2="0" tag="245"><subfield code="a">Metro sun.</subfield></datafield><datafield ind1=" " ind2=" " tag="260"><subfield code="a">Edina, Minn. :</subfield><subfield code="b">Sun Newspapers,</subfield><subfield code="c">1973-1974.</subfield></datafield><datafield ind1=" " ind2=" " tag="300"><subfield code="a">1 v.</subfield></datafield><datafield ind1=" " ind2=" " tag="310"><subfield code="a">Weekly</subfield></datafield><datafield ind1="0" ind2=" " tag="362"><subfield code="a">Vol. 73, no. 30 (Nov. 13, 1973)-v. 73, no. 53 (Jan. 22, 1974).</subfield></datafield><datafield ind1=" " ind2=" " tag="530"><subfield code="a">Available on microfilm from the Minnesota Historical Society.</subfield></datafield><datafield ind1=" " ind2=" " tag="580"><subfield code="a">Merged with: Sun (Edina, Minn. : West suburban regional ed.), and: Sun (Edian, Minn. : Bloomington Richfield regional ed.), to form: Sun illustrated.</subfield></datafield><datafield ind1=" " ind2="0" tag="651"><subfield code="a">Edina (Minn.)</subfield><subfield code="v">Newspapers.</subfield></datafield><datafield ind1=" " ind2="0" tag="651"><subfield code="a">Saint Louis Park (Minn.)</subfield><subfield code="v">Newspapers.</subfield></datafield><datafield ind1=" " ind2="0" tag="651"><subfield code="a">Golden Valley (Minn.)</subfield><subfield code="v">Newspapers.</subfield></datafield><datafield ind1=" " ind2="7" tag="655"><subfield code="a">Newspapers.</subfield><subfield code="2">fast</subfield><subfield code="0">(OCoLC)fst01423814</subfield></datafield><datafield ind1=" " ind2="7" tag="651"><subfield code="a">Minnesota</subfield><subfield code="z">Edina.</subfield><subfield code="2">fast</subfield><subfield code="0">(OCoLC)fst01220182</subfield></datafield><datafield ind1=" " ind2="7" tag="651"><subfield code="a">Minnesota</subfield><subfield code="z">Golden Valley.</subfield><subfield code="2">fast</subfield><subfield code="0">(OCoLC)fst01214926</subfield></datafield><datafield ind1=" " ind2="7" tag="651"><subfield code="a">Minnesota</subfield><subfield code="z">Saint Louis Park.</subfield><subfield code="2">fast</subfield><subfield code="0">(OCoLC)fst01232251</subfield></datafield><datafield ind1=" " ind2=" " tag="752"><subfield code="a">United States</subfield><subfield code="b">Minnesota</subfield><subfield code="c">Hennepin</subfield><subfield code="d">Edina.</subfield></datafield><datafield ind1=" " ind2=" " tag="752"><subfield code="a">United States</subfield><subfield code="b">Minnesota</subfield><subfield code="c">Hennepin</subfield><subfield code="d">Saint Louis Park.</subfield></datafield><datafield ind1=" " ind2=" " tag="752"><subfield code="a">United States</subfield><subfield code="b">Minnesota</subfield><subfield code="c">Hennepin</subfield><subfield code="d">Golden Valley.</subfield></datafield><datafield ind1="0" ind2="4" tag="780"><subfield code="t">Sun (Edina, Minn. : Edina regional ed.)</subfield><subfield code="w">(DLC)sn 90060040</subfield></datafield><datafield ind1="0" ind2="4" tag="780"><subfield code="t">Sun (Edina, Minn. : St. Louis Park Golden Valley regional ed.)</subfield><subfield code="w">(DLC)sn 90060041</subfield></datafield><datafield ind1="1" ind2="7" tag="785"><subfield code="t">Sun (Edina, Minn. : West suburban regional ed.)</subfield><subfield code="w">(DLC)sn 90060043</subfield></datafield><datafield ind1="1" ind2="7" tag="785"><subfield code="t">Sun (Edina, Minn. : Bloomington Richfield regional ed.)</subfield><subfield code="w">(DLC)sn 90060044</subfield></datafield><datafield ind1="1" ind2="7" tag="785"><subfield code="t">Sun illustrated</subfield><subfield code="w">(DLC)sn 90060037</subfield></datafield></record>